% This file was created with JabRef 2.5.
% Encoding: Cp1252

@MANUAL{,
  title = {Exception and Interrupt Handling in ARM},
  author = {Ahmed Fathy Mohammed Abdelrazek},
  organization = {Universitat Stuttgart},
  month = {Setembro},
  year = {2006},
  owner = {Mariana},
  timestamp = {2009.11.09}
}

@BOOK{,
  title = {ARM System-On-Chip Architecture},
  publisher = {Addison-Wesley},
  year = {2000},
  author = {Steve Furber},
  edition = {2},
  isbn = {0-20167-519-6},
  owner = {Mariana},
  timestamp = {2009.11.09}
}

@MANUAL{Kinoshita,
  title = {Experiência 5 - Interrupções},
  author = {Prof. Dr. Jorge Kinoshita and Prof. Dr. Carlos Eduardo Cugnasca and
	Prof. Dr. André Riyuiti Hirakawa},
  organization = {Escola Politécnica da Universidade de São Paulo},
  year = {2007},
  owner = {Mariana},
  timestamp = {2009.11.09}
}

@MANUAL{Morrow2008,
  title = {ARM7TDMI Instruction Set Reference},
  author = {Michael G. Morrow},
  organization = {Department of Electrical and Computer Engineering University of Wisconsin-Madison},
  month = {Setembro},
  year = {2008},
  owner = {Mariana},
  timestamp = {2009.11.09}
}

@ARTICLE{Ryzhyk2006,
  author = {Leonid Ryzhyk},
  title = {The ARM Architecture},
  year = {2006},
  month = {Junho},
  owner = {Mariana},
  timestamp = {2009.11.06},
  url = {http://www.cse.unsw.edu.au/~cs9244/06/seminars/08-leonidr.pdf}
}

@BOOK{Sloss2004,
  title = {ARM System Developer's Guide: designing and optimizing system software},
  publisher = {Morgan Kauffman},
  year = {2004},
  author = {Andrew Sloss and Dominic Symes and Chris Wright},
  address = {United States of America},
  edition = {1},
  isbn = {1-55860-874-5},
  owner = {Mariana},
  timestamp = {2009.11.06}
}

@MANUAL{Zaitseff2003,
  title = {ELEC2041 Microprocessors - Laboratory Manual},
  author = {John Zaitseff},
  organization = {School of Electrical Engineering and Telecommunications, University
	of New South Wales},
  month = {Junho},
  year = {2003},
  owner = {Mariana},
  timestamp = {2009.11.06},
  url = {http://www.zap.org.au/elec2041-cdrom/unsw/elec2041/README.html}
}

@MANUAL{ArchManual,
  title = {ARM Architecture Reference Manual (ARM DDI 0100I)},
  organization = {ARM Limited},
  month = {Julho},
  year = {2005},
  owner = {Mariana},
  timestamp = {2009.11.06}
}

@MANUAL{TechManual,
  title = {ARM7TDMI Technical Reference Manual (ARM DDI 0029G)},
  organization = {ARM Limited},
  edition = {Rev 3},
  month = {Abril},
  year = {2001},
  owner = {Mariana},
  timestamp = {2009.11.06}
}

@MANUAL{Note1996,
  title = {Application Note 25 - Exception Handling on the ARM (ARM DAI 0025E)},
  organization = {ARM Limited},
  month = {Setembro},
  year = {1996},
  owner = {Mariana},
  timestamp = {2009.11.09}
}

@MANUAL{DataSheet1995,
  title = {ARM7TDMI Data Sheet (ARM DDI 0029E)},
  organization = {ARM Limited},
  month = {Agosto},
  year = {1995},
  owner = {Mariana},
  timestamp = {2009.11.09}
}

@comment{jabref-meta: selector_publisher:}

@comment{jabref-meta: selector_author:}

@comment{jabref-meta: selector_journal:}

@comment{jabref-meta: selector_keywords:}

