% This file was created with JabRef 2.5.
% Encoding: Cp1252

@MANUAL{Microprocessors2003,
  title = {Laboratory Manual},
  author = {ELEC2041 Microprocessors and Interfacing},
  organization = {School of Electrical Engineering and Telecommunications, University
	of New South Wales},
  month = {Junho},
  year = {2003},
  owner = {Mariana},
  timestamp = {2009.11.06},
  url = {http://www.zap.org.au/elec2041-cdrom/unsw/elec2041/README.html}
}

@ARTICLE{Ryzhyk2006,
  author = {Leonid Ryzhyk},
  title = {The ARM Architecture},
  year = {2006},
  month = {Junho},
  owner = {Mariana},
  timestamp = {2009.11.06},
  url = {http://www.cse.unsw.edu.au/~cs9244/06/seminars/08-leonidr.pdf}
}

@BOOK{Sloss2004,
  title = {ARM System Developer's Guide: designing and optimizing system software},
  publisher = {Morgan Kauffman},
  year = {2004},
  author = {Andrew Sloss and Dominic Symes and Chris Wright},
  address = {United States of America},
  edition = {1},
  isbn = {1-55860-874-5},
  owner = {Mariana},
  timestamp = {2009.11.06}
}

@MANUAL{ArchManual,
  title = {ARM Architecture Reference Manual (ARM DDI 0100I)},
  organization = {ARM Limited},
  month = {Julho},
  year = {2005},
  owner = {Mariana},
  timestamp = {2009.11.06}
}

@MANUAL{TechManual,
  title = {ARM7TDMI Technical Reference Manual (ARM DDI 0029G)},
  organization = {ARM Limited},
  edition = {Rev 3},
  month = {Abril},
  year = {2001},
  owner = {Mariana},
  timestamp = {2009.11.06}
}

@comment{jabref-meta: selector_publisher:}

@comment{jabref-meta: selector_author:}

@comment{jabref-meta: selector_journal:}

@comment{jabref-meta: selector_keywords:}

